
@article{babenko2021,
	title = {Classical Machine Learning Methods in Economics Research: Macro and Micro Level Examples},
	author = {Babenko, Vitalina and Panchyshyn, Andriy and Zomchak, Larysa and Nehrey, Maryna and Artym-Drohomyretska, Zoriana and Lahotskyi, Taras},
	year = {2021},
	month = {01},
	date = {2021-01-05},
	journal = {WSEAS TRANSACTIONS ON BUSINESS AND ECONOMICS},
	pages = {209--217},
	volume = {18},
	doi = {10.37394/23207.2021.18.22},
	url = {https://wseas.com/journals/bae/2021/a445117-123.pdf},
	langid = {en}
}

@misc{whyever2022,
	title = {Why Everyone's Mad at Ticketmaster Right Now},
	year = {2022},
	month = {08},
	date = {2022-08-18},
	url = {https://time.com/6207167/ticketmaster-ticket-prices-expensive-backlash/},
	langid = {en}
}

@article{gigtick2018,
	title = {Gig ticket prices have doubled since 1990s},
	year = {2018},
	month = {02},
	date = {2018-02-08},
	journal = {BBC News},
	url = {https://www.bbc.com/news/business-42982769},
	langid = {australian}
}

@article{lastweektonight2022,
	title = {Tickets: Last Week Tonight with John Oliver (HBO)},
	author = {LastWeekTonight, },
	year = {2022},
	month = {03},
	date = {2022-03-13},
	url = {https://www.youtube.com/watch?v=-_Y7uqqEFnY}
}

@misc{eventti,
	title = {Event Tickets - Worldwide | Statista Market Forecast},
	url = {https://www.statista.com/outlook/dmo/eservices/event-tickets/worldwide},
	langid = {en}
}

@article{krueger2005,
	title = {The Economics of Real Superstars: The Market for Rock Concerts in the Material World},
	author = {Krueger, {Alan B.}},
	year = {2005},
	month = {01},
	date = {2005-01},
	journal = {Journal of Labor Economics},
	pages = {1--30},
	volume = {23},
	number = {1},
	doi = {10.1086/425431},
	url = {https://www.journals.uchicago.edu/doi/10.1086/425431},
	langid = {en}
}

@techreport{censusr,
	title = {Census Regions and Divisions of the United States},
	url = {https://www2.census.gov/geo/pdfs/maps-data/maps/reference/us_regdiv.pdf}
}

@article{vigié2023,
	title = {ECON 483: Economic Applications of Machine Learning},
	author = {{Vigié}, Thomas},
	year = {2023},
	date = {2023}
}

@book{james2023,
	title = {An Introduction to Statistical Learning with Applications in R},
	author = {James, Gareth and Witten, Daniella and Hastie, Trevor and Tibshirani, Robert},
	year = {2023},
	month = {06},
	date = {2023-06-21},
	edition = {Second},
	url = {https://hastie.su.domains/ISLR2/ISLRv2_corrected_June_2023.pdf}
}
